@article{altham1969exact,
  title={Exact Bayesian analysis of a 2$\times$ 2 contingency table, and Fisher's" exact" significance test},
  author={Altham, Patricia ME},
  journal={Journal of the Royal Statistical Society. Series B (Methodological)},
  pages={261--269},
  year={1969},
  publisher={JSTOR}
}

@article{fang2012genomic,
  title={Genomic landscape of human allele-specific DNA methylation},
  author={Fang, Fang and Hodges, Emily and Molaro, Antoine and Dean, Matthew and Hannon, Gregory J and Smith, Andrew D},
  journal={Proceedings of the National Academy of Sciences},
  volume={109},
  number={19},
  pages={7332--7337},
  year={2012},
  publisher={National Acad Sciences}
}
@article{qu2013mlml,
  title={MLML: Consistent simultaneous estimates of DNA methylation and hydroxymethylation},
  author={Qu, Jianghan and Zhou, Meng and Song, Qiang and Hong, Elizabeth E and Smith, Andrew D},
  journal={Bioinformatics},
  volume={29},
  number={20},
  pages={2645--2646},
  year={2013}
}